
   <marc:record>
      <marc:leader>     cam a22        4500</marc:leader>
      <marc:controlfield tag="001">01632059X</marc:controlfield>
      <marc:controlfield tag="003">DE-576</marc:controlfield>
      <marc:controlfield tag="005">20210629123602.0</marc:controlfield>
      <marc:controlfield tag="007">tu</marc:controlfield>
      <marc:controlfield tag="008">020501s1988    gw |||||      00| ||ger c</marc:controlfield>
      <marc:datafield tag="015" ind1=" " ind2=" ">
         <marc:subfield code="a">88,A17,0864</marc:subfield>
         <marc:subfield code="2">dnb</marc:subfield>
      </marc:datafield>
      <marc:datafield tag="016" ind1="7" ind2=" ">
         <marc:subfield code="a">880435879</marc:subfield>
         <marc:subfield code="2">DE-101</marc:subfield>
      </marc:datafield>
      <marc:datafield tag="020" ind1=" " ind2=" ">
         <marc:subfield code="a">3518113577</marc:subfield>
         <marc:subfield code="9">3-518-11357-7</marc:subfield>
      </marc:datafield>
      <marc:datafield tag="035" ind1=" " ind2=" ">
         <marc:subfield code="a">(DE-627)075913518</marc:subfield>
      </marc:datafield>
      <marc:datafield tag="035" ind1=" " ind2=" ">
         <marc:subfield code="a">(DE-576)01632059X</marc:subfield>
      </marc:datafield>
      <marc:datafield tag="035" ind1=" " ind2=" ">
         <marc:subfield code="a">(DE-599)GBV075913518</marc:subfield>
      </marc:datafield>
      <marc:datafield tag="035" ind1=" " ind2=" ">
         <marc:subfield code="a">(OCoLC)19121225</marc:subfield>
      </marc:datafield>
      <marc:datafield tag="035" ind1=" " ind2=" ">
         <marc:subfield code="a">(OCoLC)19121225</marc:subfield>
      </marc:datafield>
      <marc:datafield tag="040" ind1=" " ind2=" ">
         <marc:subfield code="a">DE-576</marc:subfield>
         <marc:subfield code="b">ger</marc:subfield>
         <marc:subfield code="c">DE-576</marc:subfield>
         <marc:subfield code="e">rakwb</marc:subfield>
      </marc:datafield>
      <marc:datafield tag="041" ind1=" " ind2=" ">
         <marc:subfield code="a">ger</marc:subfield>
      </marc:datafield>
      <marc:datafield tag="044" ind1=" " ind2=" ">
         <marc:subfield code="c">XA-DE-HE</marc:subfield>
      </marc:datafield>
      <marc:datafield tag="082" ind1="0" ind2=" ">
         <marc:subfield code="a">809</marc:subfield>
      </marc:datafield>
      <marc:datafield tag="084" ind1=" " ind2=" ">
         <marc:subfield code="a">1</marc:subfield>
         <marc:subfield code="2">ssgn</marc:subfield>
      </marc:datafield>
      <marc:datafield tag="084" ind1=" " ind2=" ">
         <marc:subfield code="a">EC 1850</marc:subfield>
         <marc:subfield code="2">rvk</marc:subfield>
         <marc:subfield code="0">(DE-625)rvk/20432:</marc:subfield>
      </marc:datafield>
      <marc:datafield tag="084" ind1=" " ind2=" ">
         <marc:subfield code="a">EC 1620</marc:subfield>
         <marc:subfield code="2">rvk</marc:subfield>
         <marc:subfield code="0">(DE-625)rvk/20411:</marc:subfield>
      </marc:datafield>
      <marc:datafield tag="100" ind1="1" ind2=" ">
         <marc:subfield code="a">De Man, Paul</marc:subfield>
         <marc:subfield code="d">1919-1983</marc:subfield>
         <marc:subfield code="e">Verfasser</marc:subfield>
         <marc:subfield code="0">(DE-588)118887203</marc:subfield>
         <marc:subfield code="0">(DE-627)079663753</marc:subfield>
         <marc:subfield code="0">(DE-576)160724163</marc:subfield>
         <marc:subfield code="4">aut</marc:subfield>
      </marc:datafield>
      <marc:datafield tag="240" ind1="1" ind2="0">
         <marc:subfield code="a">Allegories of reading &lt;dt.&gt;</marc:subfield>
      </marc:datafield>
      <marc:datafield tag="245" ind1="1" ind2="0">
         <marc:subfield code="a">Allegorien des Lesens</marc:subfield>
         <marc:subfield code="c">Paul de Man. Aus dem Amerik. von Werner Hamacher ...</marc:subfield>
      </marc:datafield>
      <marc:datafield tag="250" ind1=" " ind2=" ">
         <marc:subfield code="a">Dt. Erstausg., 1. Aufl.</marc:subfield>
      </marc:datafield>
      <marc:datafield tag="264" ind1=" " ind2="1">
         <marc:subfield code="a">Frankfurt am Main</marc:subfield>
         <marc:subfield code="b">Suhrkamp</marc:subfield>
         <marc:subfield code="c">1988</marc:subfield>
      </marc:datafield>
      <marc:datafield tag="300" ind1=" " ind2=" ">
         <marc:subfield code="a">232 S.</marc:subfield>
         <marc:subfield code="c">18 cm</marc:subfield>
      </marc:datafield>
      <marc:datafield tag="336" ind1=" " ind2=" ">
         <marc:subfield code="a">Text</marc:subfield>
         <marc:subfield code="b">txt</marc:subfield>
         <marc:subfield code="2">rdacontent</marc:subfield>
      </marc:datafield>
      <marc:datafield tag="337" ind1=" " ind2=" ">
         <marc:subfield code="a">ohne Hilfsmittel zu benutzen</marc:subfield>
         <marc:subfield code="b">n</marc:subfield>
         <marc:subfield code="2">rdamedia</marc:subfield>
      </marc:datafield>
      <marc:datafield tag="338" ind1=" " ind2=" ">
         <marc:subfield code="a">Band</marc:subfield>
         <marc:subfield code="b">nc</marc:subfield>
         <marc:subfield code="2">rdacarrier</marc:subfield>
      </marc:datafield>
      <marc:datafield tag="490" ind1="0" ind2=" ">
         <marc:subfield code="a">Edition Suhrkamp</marc:subfield>
         <marc:subfield code="v">1357</marc:subfield>
         <marc:subfield code="v">N.F., 357</marc:subfield>
      </marc:datafield>
      <marc:datafield tag="500" ind1=" " ind2=" ">
         <marc:subfield code="a">Hier auch später erschienene, unveränderte Nachdrucke</marc:subfield>
      </marc:datafield>
      <marc:datafield tag="500" ind1=" " ind2=" ">
         <marc:subfield code="a">Teilausg</marc:subfield>
      </marc:datafield>
      <marc:datafield tag="520" ind1=" " ind2=" ">
         <marc:subfield code="a">Paul de Man: "Allegorien des Lesens". Aus dem Amerikanischen von Werner Hamacher und Peter Krumme. Mit einer Einleitung von Werner Hamacher. Suhrkamp Verlag, Frankfurt/M. 1988, br., 14,- DM</marc:subfield>
      </marc:datafield>
      <marc:datafield tag="591" ind1=" " ind2=" ">
         <marc:subfield code="a">720 ff. bvb; 721 ddsu ; IMD-Felder und 1131 maschinell ergänzt (SWB)</marc:subfield>
      </marc:datafield>
      <marc:datafield tag="600" ind1="1" ind2="7">
         <marc:subfield code="0">(DE-588)118601024</marc:subfield>
         <marc:subfield code="0">(DE-627)133401197</marc:subfield>
         <marc:subfield code="0">(DE-576)162734069</marc:subfield>
         <marc:subfield code="a">Rilke, Rainer Maria</marc:subfield>
         <marc:subfield code="d">1875-1926</marc:subfield>
         <marc:subfield code="2">gnd</marc:subfield>
      </marc:datafield>
      <marc:datafield tag="650" ind1="0" ind2="7">
         <marc:subfield code="0">(DE-588)4038935-2</marc:subfield>
         <marc:subfield code="0">(DE-627)106230239</marc:subfield>
         <marc:subfield code="0">(DE-576)209032537</marc:subfield>
         <marc:subfield code="a">Metapher</marc:subfield>
         <marc:subfield code="2">gnd</marc:subfield>
      </marc:datafield>
      <marc:datafield tag="600" ind1="1" ind2="7">
         <marc:subfield code="0">(DE-588)118596799</marc:subfield>
         <marc:subfield code="0">(DE-627)133801780</marc:subfield>
         <marc:subfield code="0">(DE-576)209073942</marc:subfield>
         <marc:subfield code="a">Proust, Marcel</marc:subfield>
         <marc:subfield code="d">1871-1922</marc:subfield>
         <marc:subfield code="2">gnd</marc:subfield>
      </marc:datafield>
      <marc:datafield tag="600" ind1="1" ind2="7">
         <marc:subfield code="0">(DE-588)118587943</marc:subfield>
         <marc:subfield code="0">(DE-627)133733971</marc:subfield>
         <marc:subfield code="0">(DE-576)209049553</marc:subfield>
         <marc:subfield code="a">Nietzsche, Friedrich</marc:subfield>
         <marc:subfield code="d">1844-1900</marc:subfield>
         <marc:subfield code="2">gnd</marc:subfield>
      </marc:datafield>
      <marc:datafield tag="600" ind1="1" ind2="7">
         <marc:subfield code="0">(DE-588)118603426</marc:subfield>
         <marc:subfield code="0">(DE-627)133416453</marc:subfield>
         <marc:subfield code="0">(DE-576)162801955</marc:subfield>
         <marc:subfield code="a">Rousseau, Jean-Jacques</marc:subfield>
         <marc:subfield code="d">1712-1778</marc:subfield>
         <marc:subfield code="2">gnd</marc:subfield>
      </marc:datafield>
      <marc:datafield tag="689" ind1="0" ind2="0">
         <marc:subfield code="D">p</marc:subfield>
         <marc:subfield code="0">(DE-588)118601024</marc:subfield>
         <marc:subfield code="0">(DE-627)133401197</marc:subfield>
         <marc:subfield code="0">(DE-576)162734069</marc:subfield>
         <marc:subfield code="a">Rilke, Rainer Maria</marc:subfield>
         <marc:subfield code="d">1875-1926</marc:subfield>
         <marc:subfield code="2">gnd</marc:subfield>
      </marc:datafield>
      <marc:datafield tag="689" ind1="0" ind2="1">
         <marc:subfield code="D">s</marc:subfield>
         <marc:subfield code="0">(DE-588)4038935-2</marc:subfield>
         <marc:subfield code="0">(DE-627)106230239</marc:subfield>
         <marc:subfield code="0">(DE-576)209032537</marc:subfield>
         <marc:subfield code="a">Metapher</marc:subfield>
         <marc:subfield code="2">gnd</marc:subfield>
      </marc:datafield>
      <marc:datafield tag="689" ind1="0" ind2=" ">
         <marc:subfield code="5">DE-101</marc:subfield>
      </marc:datafield>
      <marc:datafield tag="689" ind1="1" ind2="0">
         <marc:subfield code="D">p</marc:subfield>
         <marc:subfield code="0">(DE-588)118596799</marc:subfield>
         <marc:subfield code="0">(DE-627)133801780</marc:subfield>
         <marc:subfield code="0">(DE-576)209073942</marc:subfield>
         <marc:subfield code="a">Proust, Marcel</marc:subfield>
         <marc:subfield code="d">1871-1922</marc:subfield>
         <marc:subfield code="2">gnd</marc:subfield>
      </marc:datafield>
      <marc:datafield tag="689" ind1="1" ind2="1">
         <marc:subfield code="D">s</marc:subfield>
         <marc:subfield code="0">(DE-588)4038935-2</marc:subfield>
         <marc:subfield code="0">(DE-627)106230239</marc:subfield>
         <marc:subfield code="0">(DE-576)209032537</marc:subfield>
         <marc:subfield code="a">Metapher</marc:subfield>
         <marc:subfield code="2">gnd</marc:subfield>
      </marc:datafield>
      <marc:datafield tag="689" ind1="1" ind2=" ">
         <marc:subfield code="5">DE-101</marc:subfield>
      </marc:datafield>
      <marc:datafield tag="689" ind1="2" ind2="0">
         <marc:subfield code="D">p</marc:subfield>
         <marc:subfield code="0">(DE-588)118587943</marc:subfield>
         <marc:subfield code="0">(DE-627)133733971</marc:subfield>
         <marc:subfield code="0">(DE-576)209049553</marc:subfield>
         <marc:subfield code="a">Nietzsche, Friedrich</marc:subfield>
         <marc:subfield code="d">1844-1900</marc:subfield>
         <marc:subfield code="2">gnd</marc:subfield>
      </marc:datafield>
      <marc:datafield tag="689" ind1="2" ind2="1">
         <marc:subfield code="D">s</marc:subfield>
         <marc:subfield code="0">(DE-588)4038935-2</marc:subfield>
         <marc:subfield code="0">(DE-627)106230239</marc:subfield>
         <marc:subfield code="0">(DE-576)209032537</marc:subfield>
         <marc:subfield code="a">Metapher</marc:subfield>
         <marc:subfield code="2">gnd</marc:subfield>
      </marc:datafield>
      <marc:datafield tag="689" ind1="2" ind2=" ">
         <marc:subfield code="5">DE-101</marc:subfield>
      </marc:datafield>
      <marc:datafield tag="689" ind1="3" ind2="0">
         <marc:subfield code="D">p</marc:subfield>
         <marc:subfield code="0">(DE-588)118603426</marc:subfield>
         <marc:subfield code="0">(DE-627)133416453</marc:subfield>
         <marc:subfield code="0">(DE-576)162801955</marc:subfield>
         <marc:subfield code="a">Rousseau, Jean-Jacques</marc:subfield>
         <marc:subfield code="d">1712-1778</marc:subfield>
         <marc:subfield code="2">gnd</marc:subfield>
      </marc:datafield>
      <marc:datafield tag="689" ind1="3" ind2="1">
         <marc:subfield code="D">s</marc:subfield>
         <marc:subfield code="0">(DE-588)4038935-2</marc:subfield>
         <marc:subfield code="0">(DE-627)106230239</marc:subfield>
         <marc:subfield code="0">(DE-576)209032537</marc:subfield>
         <marc:subfield code="a">Metapher</marc:subfield>
         <marc:subfield code="2">gnd</marc:subfield>
      </marc:datafield>
      <marc:datafield tag="689" ind1="3" ind2=" ">
         <marc:subfield code="5">DE-101</marc:subfield>
      </marc:datafield>
      <marc:datafield tag="700" ind1="1" ind2=" ">
         <marc:subfield code="a">Hamacher, Werner</marc:subfield>
         <marc:subfield code="d">1948-2017</marc:subfield>
         <marc:subfield code="e">Übersetzer</marc:subfield>
         <marc:subfield code="e">Verfasser einer Einleitung</marc:subfield>
         <marc:subfield code="0">(DE-588)124170617</marc:subfield>
         <marc:subfield code="0">(DE-627)085683736</marc:subfield>
         <marc:subfield code="0">(DE-576)161284566</marc:subfield>
         <marc:subfield code="4">oth</marc:subfield>
      </marc:datafield>
      <marc:datafield tag="700" ind1="1" ind2=" ">
         <marc:subfield code="a">Krumme, Peter</marc:subfield>
         <marc:subfield code="d">1942-2009</marc:subfield>
         <marc:subfield code="e">Übersetzer</marc:subfield>
         <marc:subfield code="0">(DE-588)1038088534</marc:subfield>
         <marc:subfield code="0">(DE-627)756658381</marc:subfield>
         <marc:subfield code="0">(DE-576)392114747</marc:subfield>
         <marc:subfield code="4">oth</marc:subfield>
      </marc:datafield>
      <marc:datafield tag="700" ind1="1" ind2="2">
         <marc:subfield code="a">De Man, Paul</marc:subfield>
         <marc:subfield code="d">1919-1983</marc:subfield>
         <marc:subfield code="t">Allegories of reading &lt;dt.&gt;</marc:subfield>
      </marc:datafield>
      <marc:datafield tag="856" ind1="4" ind2="2">
         <marc:subfield code="u">http://d-nb.info/880435879/04</marc:subfield>
         <marc:subfield code="m">B:DE-101</marc:subfield>
         <marc:subfield code="q">pdf/application</marc:subfield>
         <marc:subfield code="v">20161126003402</marc:subfield>
         <marc:subfield code="x">Verlag</marc:subfield>
         <marc:subfield code="3">Inhaltsverzeichnis</marc:subfield>
      </marc:datafield>
      <marc:datafield tag="935" ind1=" " ind2=" ">
         <marc:subfield code="a">mteo</marc:subfield>
      </marc:datafield>
      <marc:datafield tag="935" ind1=" " ind2=" ">
         <marc:subfield code="i">Blocktest</marc:subfield>
      </marc:datafield>
      <marc:datafield tag="936" ind1="r" ind2="v">
         <marc:subfield code="a">EC 1850</marc:subfield>
         <marc:subfield code="b">Einzelne Richtungen der Literaturtheorie</marc:subfield>
         <marc:subfield code="k">Allgemeine und vergleichende Sprach- und Literaturwissenschaft. Indogermanistik. Außereuropäische Sprachen und Literaturen</marc:subfield>
         <marc:subfield code="k">Allgemeine und vergleichende Literaturwissenschaft.</marc:subfield>
         <marc:subfield code="k">Literaturtheorie, Literaturphilosophie, Literaturästhetik</marc:subfield>
         <marc:subfield code="k">Einzelne Richtungen der Literaturtheorie</marc:subfield>
         <marc:subfield code="0">(DE-627)1270728903</marc:subfield>
         <marc:subfield code="0">(DE-625)rvk/20432:</marc:subfield>
         <marc:subfield code="0">(DE-576)200728903</marc:subfield>
      </marc:datafield>
      <marc:datafield tag="936" ind1="r" ind2="v">
         <marc:subfield code="a">EC 1620</marc:subfield>
         <marc:subfield code="b">Einzelne Probleme</marc:subfield>
         <marc:subfield code="k">Allgemeine und vergleichende Sprach- und Literaturwissenschaft. Indogermanistik. Außereuropäische Sprachen und Literaturen</marc:subfield>
         <marc:subfield code="k">Allgemeine und vergleichende Literaturwissenschaft.</marc:subfield>
         <marc:subfield code="k">Methoden der Literaturwissenschaft</marc:subfield>
         <marc:subfield code="k">Allgemeine Literaturwissenschaft</marc:subfield>
         <marc:subfield code="k">Einzelne Probleme</marc:subfield>
         <marc:subfield code="0">(DE-627)1270728733</marc:subfield>
         <marc:subfield code="0">(DE-625)rvk/20411:</marc:subfield>
         <marc:subfield code="0">(DE-576)200728733</marc:subfield>
      </marc:datafield>
      <marc:datafield tag="951" ind1=" " ind2=" ">
         <marc:subfield code="a">BO</marc:subfield>
      </marc:datafield>
   </marc:record>