
   <marc:record>
      <marc:leader>     cam a22        4500</marc:leader>
      <marc:controlfield tag="001">017589045</marc:controlfield>
      <marc:controlfield tag="003">DE-576</marc:controlfield>
      <marc:controlfield tag="005">20210423153030.0</marc:controlfield>
      <marc:controlfield tag="007">tu</marc:controlfield>
      <marc:controlfield tag="008">901018s1989    gw ||||| m    00| ||ger c</marc:controlfield>
      <marc:datafield tag="015" ind1=" " ind2=" ">
         <marc:subfield code="a">89,N13,0606</marc:subfield>
         <marc:subfield code="2">dnb</marc:subfield>
      </marc:datafield>
      <marc:datafield tag="015" ind1=" " ind2=" ">
         <marc:subfield code="a">89,N13,0606</marc:subfield>
         <marc:subfield code="2">dnb</marc:subfield>
      </marc:datafield>
      <marc:datafield tag="016" ind1="7" ind2=" ">
         <marc:subfield code="a">890516847</marc:subfield>
         <marc:subfield code="2">DE-101</marc:subfield>
      </marc:datafield>
      <marc:datafield tag="020" ind1=" " ind2=" ">
         <marc:subfield code="a">3407583095</marc:subfield>
         <marc:subfield code="9">3-407-58309-5</marc:subfield>
      </marc:datafield>
      <marc:datafield tag="035" ind1=" " ind2=" ">
         <marc:subfield code="a">(DE-627)027454142</marc:subfield>
      </marc:datafield>
      <marc:datafield tag="035" ind1=" " ind2=" ">
         <marc:subfield code="a">(DE-576)017589045</marc:subfield>
      </marc:datafield>
      <marc:datafield tag="035" ind1=" " ind2=" ">
         <marc:subfield code="a">(DE-599)GBV027454142</marc:subfield>
      </marc:datafield>
      <marc:datafield tag="035" ind1=" " ind2=" ">
         <marc:subfield code="a">(OCoLC)843974530</marc:subfield>
      </marc:datafield>
      <marc:datafield tag="035" ind1=" " ind2=" ">
         <marc:subfield code="a">(OCoLC)21444752</marc:subfield>
      </marc:datafield>
      <marc:datafield tag="040" ind1=" " ind2=" ">
         <marc:subfield code="a">DE-576</marc:subfield>
         <marc:subfield code="b">ger</marc:subfield>
         <marc:subfield code="c">DE-576</marc:subfield>
         <marc:subfield code="e">rakwb</marc:subfield>
      </marc:datafield>
      <marc:datafield tag="041" ind1=" " ind2=" ">
         <marc:subfield code="a">ger</marc:subfield>
      </marc:datafield>
      <marc:datafield tag="044" ind1=" " ind2=" ">
         <marc:subfield code="c">XA-DE-BW</marc:subfield>
         <marc:subfield code="c">XA-CH</marc:subfield>
      </marc:datafield>
      <marc:datafield tag="050" ind1=" " ind2="0">
         <marc:subfield code="a">DC159</marc:subfield>
      </marc:datafield>
      <marc:datafield tag="082" ind1="0" ind2=" ">
         <marc:subfield code="a">394.2/68444/09033</marc:subfield>
      </marc:datafield>
      <marc:datafield tag="084" ind1=" " ind2=" ">
         <marc:subfield code="a">GESCH 677 (52)</marc:subfield>
         <marc:subfield code="2">sfb</marc:subfield>
      </marc:datafield>
      <marc:datafield tag="084" ind1=" " ind2=" ">
         <marc:subfield code="a">POL 213</marc:subfield>
         <marc:subfield code="2">sfb</marc:subfield>
      </marc:datafield>
      <marc:datafield tag="084" ind1=" " ind2=" ">
         <marc:subfield code="a">S 552 FRA</marc:subfield>
         <marc:subfield code="2">sfb</marc:subfield>
      </marc:datafield>
      <marc:datafield tag="084" ind1=" " ind2=" ">
         <marc:subfield code="a">S 572</marc:subfield>
         <marc:subfield code="2">sfb</marc:subfield>
      </marc:datafield>
      <marc:datafield tag="084" ind1=" " ind2=" ">
         <marc:subfield code="a">63</marc:subfield>
         <marc:subfield code="2">sdnb</marc:subfield>
      </marc:datafield>
      <marc:datafield tag="084" ind1=" " ind2=" ">
         <marc:subfield code="a">NO 3200</marc:subfield>
         <marc:subfield code="2">rvk</marc:subfield>
         <marc:subfield code="0">(DE-625)rvk/127188:</marc:subfield>
      </marc:datafield>
      <marc:datafield tag="084" ind1=" " ind2=" ">
         <marc:subfield code="a">15.65</marc:subfield>
         <marc:subfield code="2">bkl</marc:subfield>
      </marc:datafield>
      <marc:datafield tag="084" ind1=" " ind2=" ">
         <marc:subfield code="a">71.33</marc:subfield>
         <marc:subfield code="2">bkl</marc:subfield>
      </marc:datafield>
      <marc:datafield tag="100" ind1="1" ind2=" ">
         <marc:subfield code="a">Baxmann, Inge</marc:subfield>
         <marc:subfield code="0">(DE-588)110342550</marc:subfield>
         <marc:subfield code="0">(DE-627)508764157</marc:subfield>
         <marc:subfield code="0">(DE-576)165486104</marc:subfield>
         <marc:subfield code="4">aut</marc:subfield>
      </marc:datafield>
      <marc:datafield tag="245" ind1="1" ind2="4">
         <marc:subfield code="a">Die Feste der Französischen Revolution</marc:subfield>
         <marc:subfield code="b">Inszenierung von Gesellschaft als Natur</marc:subfield>
         <marc:subfield code="c">Inge Baxmann</marc:subfield>
      </marc:datafield>
      <marc:datafield tag="246" ind1="3" ind2="3">
         <marc:subfield code="a">Die künstliche Natur</marc:subfield>
      </marc:datafield>
      <marc:datafield tag="264" ind1=" " ind2="1">
         <marc:subfield code="a">Weinheim</marc:subfield>
         <marc:subfield code="a">Basel</marc:subfield>
         <marc:subfield code="b">Beltz</marc:subfield>
         <marc:subfield code="c">1989</marc:subfield>
      </marc:datafield>
      <marc:datafield tag="300" ind1=" " ind2=" ">
         <marc:subfield code="a">188 S.</marc:subfield>
         <marc:subfield code="b">Ill.</marc:subfield>
         <marc:subfield code="c">21 cm</marc:subfield>
      </marc:datafield>
      <marc:datafield tag="336" ind1=" " ind2=" ">
         <marc:subfield code="a">Text</marc:subfield>
         <marc:subfield code="b">txt</marc:subfield>
         <marc:subfield code="2">rdacontent</marc:subfield>
      </marc:datafield>
      <marc:datafield tag="337" ind1=" " ind2=" ">
         <marc:subfield code="a">ohne Hilfsmittel zu benutzen</marc:subfield>
         <marc:subfield code="b">n</marc:subfield>
         <marc:subfield code="2">rdamedia</marc:subfield>
      </marc:datafield>
      <marc:datafield tag="338" ind1=" " ind2=" ">
         <marc:subfield code="a">Band</marc:subfield>
         <marc:subfield code="b">nc</marc:subfield>
         <marc:subfield code="2">rdacarrier</marc:subfield>
      </marc:datafield>
      <marc:datafield tag="490" ind1="1" ind2=" ">
         <marc:subfield code="a">Ergebnisse der Frauenforschung</marc:subfield>
         <marc:subfield code="v">17</marc:subfield>
      </marc:datafield>
      <marc:datafield tag="502" ind1=" " ind2=" ">
         <marc:subfield code="a">Zugl.: Siegen, Univ., Diss., 1986/87 u.d.T.: Baxmann, Inge: Die künstliche Natur</marc:subfield>
      </marc:datafield>
      <marc:datafield tag="583" ind1="1" ind2=" ">
         <marc:subfield code="a">Archivierung/Langzeitarchivierung gewährleistet</marc:subfield>
         <marc:subfield code="f">PEBW</marc:subfield>
         <marc:subfield code="2">pdager</marc:subfield>
         <marc:subfield code="5">DE-31</marc:subfield>
      </marc:datafield>
      <marc:datafield tag="591" ind1=" " ind2=" ">
         <marc:subfield code="a">720 ff. bvb ; 720 ff. (DDC): GBV/LOC ; IMD-Felder und 1131 maschinell ergänzt (SWB)</marc:subfield>
      </marc:datafield>
      <marc:datafield tag="653" ind1=" " ind2="0">
         <marc:subfield code="a">France</marc:subfield>
         <marc:subfield code="a">History</marc:subfield>
         <marc:subfield code="a">Revolution, 1789-1799</marc:subfield>
         <marc:subfield code="a">Influence</marc:subfield>
      </marc:datafield>
      <marc:datafield tag="653" ind1=" " ind2="0">
         <marc:subfield code="a">Festivals</marc:subfield>
         <marc:subfield code="a">France</marc:subfield>
         <marc:subfield code="a">History</marc:subfield>
         <marc:subfield code="a">18th century</marc:subfield>
      </marc:datafield>
      <marc:datafield tag="653" ind1=" " ind2="0">
         <marc:subfield code="a">France</marc:subfield>
         <marc:subfield code="a">Social life and customs</marc:subfield>
         <marc:subfield code="a">18th century</marc:subfield>
      </marc:datafield>
      <marc:datafield tag="653" ind1=" " ind2="0">
         <marc:subfield code="a">France</marc:subfield>
         <marc:subfield code="a">Intellectual life</marc:subfield>
         <marc:subfield code="a">18th century</marc:subfield>
      </marc:datafield>
      <marc:datafield tag="653" ind1=" " ind2="0">
         <marc:subfield code="a">Arts and revolutions</marc:subfield>
         <marc:subfield code="a">France</marc:subfield>
         <marc:subfield code="a">History</marc:subfield>
         <marc:subfield code="a">18th century</marc:subfield>
      </marc:datafield>
      <marc:datafield tag="655" ind1=" " ind2="7">
         <marc:subfield code="a">Hochschulschrift</marc:subfield>
         <marc:subfield code="0">(DE-588)4113937-9</marc:subfield>
         <marc:subfield code="0">(DE-627)105825778</marc:subfield>
         <marc:subfield code="0">(DE-576)209480580</marc:subfield>
         <marc:subfield code="2">gnd-content</marc:subfield>
      </marc:datafield>
      <marc:datafield tag="689" ind1="0" ind2="0">
         <marc:subfield code="D">s</marc:subfield>
         <marc:subfield code="0">(DE-588)4121260-5</marc:subfield>
         <marc:subfield code="0">(DE-627)10577071X</marc:subfield>
         <marc:subfield code="0">(DE-576)209541814</marc:subfield>
         <marc:subfield code="a">Fest</marc:subfield>
         <marc:subfield code="2">gnd</marc:subfield>
      </marc:datafield>
      <marc:datafield tag="689" ind1="0" ind2="1">
         <marc:subfield code="D">s</marc:subfield>
         <marc:subfield code="0">(DE-588)4079101-4</marc:subfield>
         <marc:subfield code="0">(DE-627)10468254X</marc:subfield>
         <marc:subfield code="0">(DE-576)209210974</marc:subfield>
         <marc:subfield code="a">Weiblichkeit</marc:subfield>
         <marc:subfield code="2">gnd</marc:subfield>
      </marc:datafield>
      <marc:datafield tag="689" ind1="0" ind2="2">
         <marc:subfield code="D">s</marc:subfield>
         <marc:subfield code="0">(DE-588)4058716-2</marc:subfield>
         <marc:subfield code="0">(DE-627)104117206</marc:subfield>
         <marc:subfield code="0">(DE-576)209127716</marc:subfield>
         <marc:subfield code="a">Symbol</marc:subfield>
         <marc:subfield code="2">gnd</marc:subfield>
      </marc:datafield>
      <marc:datafield tag="689" ind1="0" ind2="3">
         <marc:subfield code="D">s</marc:subfield>
         <marc:subfield code="0">(DE-588)4018183-2</marc:subfield>
         <marc:subfield code="0">(DE-627)104767936</marc:subfield>
         <marc:subfield code="0">(DE-576)208923136</marc:subfield>
         <marc:subfield code="a">Französische Revolution</marc:subfield>
         <marc:subfield code="2">gnd</marc:subfield>
      </marc:datafield>
      <marc:datafield tag="689" ind1="0" ind2="4">
         <marc:subfield code="D">s</marc:subfield>
         <marc:subfield code="0">(DE-588)4122349-4</marc:subfield>
         <marc:subfield code="0">(DE-627)10576311X</marc:subfield>
         <marc:subfield code="0">(DE-576)209550643</marc:subfield>
         <marc:subfield code="a">Selbstdarstellung</marc:subfield>
         <marc:subfield code="2">gnd</marc:subfield>
      </marc:datafield>
      <marc:datafield tag="689" ind1="0" ind2=" ">
         <marc:subfield code="5">DE-101</marc:subfield>
      </marc:datafield>
      <marc:datafield tag="751" ind1=" " ind2=" ">
         <marc:subfield code="a">Siegen</marc:subfield>
         <marc:subfield code="0">(DE-588)4054883-1</marc:subfield>
         <marc:subfield code="0">(DE-627)106160729</marc:subfield>
         <marc:subfield code="0">(DE-576)20911097X</marc:subfield>
         <marc:subfield code="4">uvp</marc:subfield>
      </marc:datafield>
      <marc:datafield tag="830" ind1=" " ind2="0">
         <marc:subfield code="a">Ergebnisse der Frauenforschung</marc:subfield>
         <marc:subfield code="v">17</marc:subfield>
         <marc:subfield code="9">17</marc:subfield>
         <marc:subfield code="w">(DE-627)129650056</marc:subfield>
         <marc:subfield code="w">(DE-576)009914706</marc:subfield>
         <marc:subfield code="w">(DE-600)253428-9</marc:subfield>
         <marc:subfield code="x">0935-9222</marc:subfield>
      </marc:datafield>
      <marc:datafield tag="850" ind1=" " ind2=" ">
         <marc:subfield code="a">aa</marc:subfield>
      </marc:datafield>
      <marc:datafield tag="935" ind1=" " ind2=" ">
         <marc:subfield code="i">Blocktest</marc:subfield>
      </marc:datafield>
      <marc:datafield tag="936" ind1="r" ind2="v">
         <marc:subfield code="a">NO 3200</marc:subfield>
         <marc:subfield code="b">Einzelbeiträge</marc:subfield>
         <marc:subfield code="k">Geschichte</marc:subfield>
         <marc:subfield code="k">Zeitalter der Amerikanischen und Französischen Revolution sowie Napoleons (bis 1815)</marc:subfield>
         <marc:subfield code="k">Geschichte der Französischen Revolution (1789 - 1799)</marc:subfield>
         <marc:subfield code="k">Einzelbeiträge</marc:subfield>
         <marc:subfield code="0">(DE-627)1271157659</marc:subfield>
         <marc:subfield code="0">(DE-625)rvk/127188:</marc:subfield>
         <marc:subfield code="0">(DE-576)201157659</marc:subfield>
      </marc:datafield>
      <marc:datafield tag="936" ind1="b" ind2="k">
         <marc:subfield code="a">15.65</marc:subfield>
         <marc:subfield code="j">Frankreich</marc:subfield>
         <marc:subfield code="x">Geschichte</marc:subfield>
         <marc:subfield code="0">(DE-627)181571641</marc:subfield>
      </marc:datafield>
      <marc:datafield tag="936" ind1="b" ind2="k">
         <marc:subfield code="a">71.33</marc:subfield>
         <marc:subfield code="j">Frau</marc:subfield>
         <marc:subfield code="x">Soziologie</marc:subfield>
         <marc:subfield code="0">(DE-627)106412671</marc:subfield>
      </marc:datafield>
      <marc:datafield tag="951" ind1=" " ind2=" ">
         <marc:subfield code="a">BO</marc:subfield>
      </marc:datafield>
   </marc:record>