
   <marc:record>
      <marc:leader>     cam a22        4500</marc:leader>
      <marc:controlfield tag="001">007875061</marc:controlfield>
      <marc:controlfield tag="003">DE-576</marc:controlfield>
      <marc:controlfield tag="005">20200204091609.0</marc:controlfield>
      <marc:controlfield tag="007">tu</marc:controlfield>
      <marc:controlfield tag="008">710101s1978    gw |||||      00| ||ger c</marc:controlfield>
      <marc:datafield tag="015" ind1=" " ind2=" ">
         <marc:subfield code="a">78,N46,0099</marc:subfield>
         <marc:subfield code="2">dnb</marc:subfield>
      </marc:datafield>
      <marc:datafield tag="015" ind1=" " ind2=" ">
         <marc:subfield code="a">79,A10,0546</marc:subfield>
         <marc:subfield code="2">dnb</marc:subfield>
      </marc:datafield>
      <marc:datafield tag="016" ind1="7" ind2=" ">
         <marc:subfield code="a">790743612</marc:subfield>
         <marc:subfield code="2">DE-101</marc:subfield>
      </marc:datafield>
      <marc:datafield tag="020" ind1=" " ind2=" ">
         <marc:subfield code="a">3778046810</marc:subfield>
         <marc:subfield code="c">kart. : DM 14.80</marc:subfield>
         <marc:subfield code="9">3-7780-4681-0</marc:subfield>
      </marc:datafield>
      <marc:datafield tag="035" ind1=" " ind2=" ">
         <marc:subfield code="a">(DE-627)023311436</marc:subfield>
      </marc:datafield>
      <marc:datafield tag="035" ind1=" " ind2=" ">
         <marc:subfield code="a">(DE-576)007875061</marc:subfield>
      </marc:datafield>
      <marc:datafield tag="035" ind1=" " ind2=" ">
         <marc:subfield code="a">(DE-599)GBV023311436</marc:subfield>
      </marc:datafield>
      <marc:datafield tag="035" ind1=" " ind2=" ">
         <marc:subfield code="a">(OCoLC)5392172</marc:subfield>
      </marc:datafield>
      <marc:datafield tag="035" ind1=" " ind2=" ">
         <marc:subfield code="a">(OCoLC)05392172</marc:subfield>
      </marc:datafield>
      <marc:datafield tag="035" ind1=" " ind2=" ">
         <marc:subfield code="a">(AT-OBV)AC01150336</marc:subfield>
      </marc:datafield>
      <marc:datafield tag="035" ind1=" " ind2=" ">
         <marc:subfield code="a">(DE-604)8022553460</marc:subfield>
      </marc:datafield>
      <marc:datafield tag="040" ind1=" " ind2=" ">
         <marc:subfield code="a">DE-576</marc:subfield>
         <marc:subfield code="b">ger</marc:subfield>
         <marc:subfield code="c">DE-576</marc:subfield>
         <marc:subfield code="e">rakwb</marc:subfield>
      </marc:datafield>
      <marc:datafield tag="041" ind1=" " ind2=" ">
         <marc:subfield code="a">ger</marc:subfield>
      </marc:datafield>
      <marc:datafield tag="044" ind1=" " ind2=" ">
         <marc:subfield code="c">XA-DE</marc:subfield>
         <marc:subfield code="c">XA-DE-BW</marc:subfield>
      </marc:datafield>
      <marc:datafield tag="050" ind1=" " ind2="0">
         <marc:subfield code="a">GV201</marc:subfield>
      </marc:datafield>
      <marc:datafield tag="050" ind1=" " ind2="0">
         <marc:subfield code="a">GV1589</marc:subfield>
      </marc:datafield>
      <marc:datafield tag="084" ind1=" " ind2=" ">
         <marc:subfield code="a">PÄ 945 (160)</marc:subfield>
         <marc:subfield code="2">sfb</marc:subfield>
      </marc:datafield>
      <marc:datafield tag="084" ind1=" " ind2=" ">
         <marc:subfield code="a">TH 365</marc:subfield>
         <marc:subfield code="2">sfb</marc:subfield>
      </marc:datafield>
      <marc:datafield tag="084" ind1=" " ind2=" ">
         <marc:subfield code="a">PÄ 945,6</marc:subfield>
         <marc:subfield code="2">sfb</marc:subfield>
      </marc:datafield>
      <marc:datafield tag="084" ind1=" " ind2=" ">
         <marc:subfield code="a">10a</marc:subfield>
         <marc:subfield code="2">sdnb</marc:subfield>
      </marc:datafield>
      <marc:datafield tag="084" ind1=" " ind2=" ">
         <marc:subfield code="a">ZY 5040</marc:subfield>
         <marc:subfield code="2">rvk</marc:subfield>
         <marc:subfield code="0">(DE-625)rvk/158641:13010</marc:subfield>
      </marc:datafield>
      <marc:datafield tag="084" ind1=" " ind2=" ">
         <marc:subfield code="a">ZY 5042</marc:subfield>
         <marc:subfield code="2">rvk</marc:subfield>
         <marc:subfield code="0">(DE-625)rvk/158641:13012</marc:subfield>
      </marc:datafield>
      <marc:datafield tag="084" ind1=" " ind2=" ">
         <marc:subfield code="a">24.15</marc:subfield>
         <marc:subfield code="2">bkl</marc:subfield>
      </marc:datafield>
      <marc:datafield tag="084" ind1=" " ind2=" ">
         <marc:subfield code="a">24.04</marc:subfield>
         <marc:subfield code="2">bkl</marc:subfield>
      </marc:datafield>
      <marc:datafield tag="084" ind1=" " ind2=" ">
         <marc:subfield code="a">76.04</marc:subfield>
         <marc:subfield code="2">bkl</marc:subfield>
      </marc:datafield>
      <marc:datafield tag="084" ind1=" " ind2=" ">
         <marc:subfield code="a">80.46</marc:subfield>
         <marc:subfield code="2">bkl</marc:subfield>
      </marc:datafield>
      <marc:datafield tag="100" ind1="1" ind2=" ">
         <marc:subfield code="a">Kramer-Lauff, Dietgard</marc:subfield>
         <marc:subfield code="d">1938-2005</marc:subfield>
         <marc:subfield code="0">(DE-588)133502228</marc:subfield>
         <marc:subfield code="0">(DE-627)547682441</marc:subfield>
         <marc:subfield code="0">(DE-576)161813119</marc:subfield>
         <marc:subfield code="4">aut</marc:subfield>
      </marc:datafield>
      <marc:datafield tag="245" ind1="1" ind2="0">
         <marc:subfield code="a">Tanzdidaktik</marc:subfield>
         <marc:subfield code="b">Modell kommunikativen Handelns</marc:subfield>
         <marc:subfield code="c">Dietgard Kramer-Lauff</marc:subfield>
      </marc:datafield>
      <marc:datafield tag="264" ind1=" " ind2="1">
         <marc:subfield code="a">Schorndorf bei Stuttgart</marc:subfield>
         <marc:subfield code="b">Hofmann</marc:subfield>
         <marc:subfield code="c">1978</marc:subfield>
      </marc:datafield>
      <marc:datafield tag="300" ind1=" " ind2=" ">
         <marc:subfield code="a">128 S.</marc:subfield>
         <marc:subfield code="b">graph. Darst.</marc:subfield>
         <marc:subfield code="c">20 cm</marc:subfield>
      </marc:datafield>
      <marc:datafield tag="336" ind1=" " ind2=" ">
         <marc:subfield code="a">Text</marc:subfield>
         <marc:subfield code="b">txt</marc:subfield>
         <marc:subfield code="2">rdacontent</marc:subfield>
      </marc:datafield>
      <marc:datafield tag="337" ind1=" " ind2=" ">
         <marc:subfield code="a">ohne Hilfsmittel zu benutzen</marc:subfield>
         <marc:subfield code="b">n</marc:subfield>
         <marc:subfield code="2">rdamedia</marc:subfield>
      </marc:datafield>
      <marc:datafield tag="338" ind1=" " ind2=" ">
         <marc:subfield code="a">Band</marc:subfield>
         <marc:subfield code="b">nc</marc:subfield>
         <marc:subfield code="2">rdacarrier</marc:subfield>
      </marc:datafield>
      <marc:datafield tag="490" ind1="1" ind2=" ">
         <marc:subfield code="a">Beiträge zur Lehre und Forschung im Sport</marc:subfield>
         <marc:subfield code="v">Bd. 68</marc:subfield>
      </marc:datafield>
      <marc:datafield tag="500" ind1=" " ind2=" ">
         <marc:subfield code="a">Bibliogr. u. Literaturverz. S. 121 - 128</marc:subfield>
      </marc:datafield>
      <marc:datafield tag="591" ind1=" " ind2=" ">
         <marc:subfield code="a">720 ff. bvb ; 580 ff. bvb ; IMD-Felder und 1131 maschinell ergänzt (SWB)</marc:subfield>
      </marc:datafield>
      <marc:datafield tag="653" ind1=" " ind2="0">
         <marc:subfield code="a">Dance</marc:subfield>
         <marc:subfield code="a">Study and teaching</marc:subfield>
         <marc:subfield code="a">Germany</marc:subfield>
      </marc:datafield>
      <marc:datafield tag="689" ind1="0" ind2="0">
         <marc:subfield code="D">s</marc:subfield>
         <marc:subfield code="0">(DE-588)4139486-0</marc:subfield>
         <marc:subfield code="0">(DE-627)105635030</marc:subfield>
         <marc:subfield code="0">(DE-576)209694769</marc:subfield>
         <marc:subfield code="a">Tanzunterricht</marc:subfield>
         <marc:subfield code="2">gnd</marc:subfield>
      </marc:datafield>
      <marc:datafield tag="689" ind1="0" ind2=" ">
         <marc:subfield code="5">DE-101</marc:subfield>
      </marc:datafield>
      <marc:datafield tag="689" ind1="1" ind2="0">
         <marc:subfield code="D">s</marc:subfield>
         <marc:subfield code="0">(DE-588)4139486-0</marc:subfield>
         <marc:subfield code="0">(DE-627)105635030</marc:subfield>
         <marc:subfield code="0">(DE-576)209694769</marc:subfield>
         <marc:subfield code="a">Tanzunterricht</marc:subfield>
         <marc:subfield code="2">gnd</marc:subfield>
      </marc:datafield>
      <marc:datafield tag="689" ind1="1" ind2=" ">
         <marc:subfield code="5">(DE-627)</marc:subfield>
      </marc:datafield>
      <marc:datafield tag="689" ind1="2" ind2="0">
         <marc:subfield code="D">s</marc:subfield>
         <marc:subfield code="0">(DE-588)4059028-8</marc:subfield>
         <marc:subfield code="0">(DE-627)106144979</marc:subfield>
         <marc:subfield code="0">(DE-576)209129018</marc:subfield>
         <marc:subfield code="a">Tanz</marc:subfield>
         <marc:subfield code="2">gnd</marc:subfield>
      </marc:datafield>
      <marc:datafield tag="689" ind1="2" ind2="1">
         <marc:subfield code="D">s</marc:subfield>
         <marc:subfield code="0">(DE-588)4070463-4</marc:subfield>
         <marc:subfield code="0">(DE-627)104767367</marc:subfield>
         <marc:subfield code="0">(DE-576)209181044</marc:subfield>
         <marc:subfield code="a">Didaktik</marc:subfield>
         <marc:subfield code="2">gnd</marc:subfield>
      </marc:datafield>
      <marc:datafield tag="689" ind1="2" ind2=" ">
         <marc:subfield code="5">(DE-627)</marc:subfield>
      </marc:datafield>
      <marc:datafield tag="689" ind1="3" ind2="0">
         <marc:subfield code="D">s</marc:subfield>
         <marc:subfield code="0">(DE-588)4059028-8</marc:subfield>
         <marc:subfield code="0">(DE-627)106144979</marc:subfield>
         <marc:subfield code="0">(DE-576)209129018</marc:subfield>
         <marc:subfield code="a">Tanz</marc:subfield>
         <marc:subfield code="2">gnd</marc:subfield>
      </marc:datafield>
      <marc:datafield tag="689" ind1="3" ind2=" ">
         <marc:subfield code="5">(DE-627)</marc:subfield>
      </marc:datafield>
      <marc:datafield tag="830" ind1=" " ind2="0">
         <marc:subfield code="a">Beiträge zur Lehre und Forschung im Sport</marc:subfield>
         <marc:subfield code="v">68</marc:subfield>
         <marc:subfield code="9">68</marc:subfield>
         <marc:subfield code="w">(DE-627)319227871</marc:subfield>
         <marc:subfield code="w">(DE-576)338093435</marc:subfield>
         <marc:subfield code="w">(DE-600)25810-6</marc:subfield>
         <marc:subfield code="x">0722-6616</marc:subfield>
      </marc:datafield>
      <marc:datafield tag="856" ind1="4" ind2="2">
         <marc:subfield code="u">http://scans.hebis.de/03/30/56/03305646_toc.pdf</marc:subfield>
         <marc:subfield code="m">V:DE-603</marc:subfield>
         <marc:subfield code="q">application/pdf</marc:subfield>
         <marc:subfield code="3">Inhaltsverzeichnis</marc:subfield>
      </marc:datafield>
      <marc:datafield tag="935" ind1=" " ind2=" ">
         <marc:subfield code="i">Blocktest</marc:subfield>
      </marc:datafield>
      <marc:datafield tag="936" ind1="r" ind2="v">
         <marc:subfield code="a">ZY 5040</marc:subfield>
         <marc:subfield code="b">Allgemeines; Einführungen</marc:subfield>
         <marc:subfield code="k">Sport</marc:subfield>
         <marc:subfield code="k">Sportpraxis</marc:subfield>
         <marc:subfield code="k">Gymnastik, Tanz</marc:subfield>
         <marc:subfield code="k">Tanz</marc:subfield>
         <marc:subfield code="k">Tanz allgemeines</marc:subfield>
         <marc:subfield code="k">Allgemeines; Einführungen</marc:subfield>
         <marc:subfield code="0">(DE-627)1271516632</marc:subfield>
         <marc:subfield code="0">(DE-625)rvk/158641:13010</marc:subfield>
         <marc:subfield code="0">(DE-576)201516632</marc:subfield>
      </marc:datafield>
      <marc:datafield tag="936" ind1="r" ind2="v">
         <marc:subfield code="a">ZY 5042</marc:subfield>
         <marc:subfield code="b">Trainingsanleitungen; Didaktik einzelner Sportarten, Didaktische Materialien</marc:subfield>
         <marc:subfield code="k">Sport</marc:subfield>
         <marc:subfield code="k">Sportpraxis</marc:subfield>
         <marc:subfield code="k">Gymnastik, Tanz</marc:subfield>
         <marc:subfield code="k">Tanz</marc:subfield>
         <marc:subfield code="k">Tanz allgemeines</marc:subfield>
         <marc:subfield code="k">Trainingsanleitungen; Didaktik einzelner Sportarten, Didaktische Materialien</marc:subfield>
         <marc:subfield code="0">(DE-627)1271616041</marc:subfield>
         <marc:subfield code="0">(DE-625)rvk/158641:13012</marc:subfield>
         <marc:subfield code="0">(DE-576)201616041</marc:subfield>
      </marc:datafield>
      <marc:datafield tag="936" ind1="b" ind2="k">
         <marc:subfield code="a">24.15</marc:subfield>
         <marc:subfield code="j">Tanzkunst</marc:subfield>
         <marc:subfield code="j">Bewegungskunst</marc:subfield>
         <marc:subfield code="0">(DE-627)10640606X</marc:subfield>
      </marc:datafield>
      <marc:datafield tag="936" ind1="b" ind2="k">
         <marc:subfield code="a">24.04</marc:subfield>
         <marc:subfield code="j">Ausbildung</marc:subfield>
         <marc:subfield code="j">Beruf</marc:subfield>
         <marc:subfield code="j">Organisationen</marc:subfield>
         <marc:subfield code="x">Theater</marc:subfield>
         <marc:subfield code="0">(DE-627)106405632</marc:subfield>
      </marc:datafield>
      <marc:datafield tag="936" ind1="b" ind2="k">
         <marc:subfield code="a">76.04</marc:subfield>
         <marc:subfield code="j">Ausbildung</marc:subfield>
         <marc:subfield code="j">Beruf</marc:subfield>
         <marc:subfield code="j">Organisationen</marc:subfield>
         <marc:subfield code="x">Sport, Freizeit, Erholung</marc:subfield>
         <marc:subfield code="0">(DE-627)106411748</marc:subfield>
      </marc:datafield>
      <marc:datafield tag="936" ind1="b" ind2="k">
         <marc:subfield code="a">80.46</marc:subfield>
         <marc:subfield code="j">Bewegungserziehung</marc:subfield>
         <marc:subfield code="0">(DE-627)106404458</marc:subfield>
      </marc:datafield>
      <marc:datafield tag="951" ind1=" " ind2=" ">
         <marc:subfield code="a">BO</marc:subfield>
      </marc:datafield>
   </marc:record>