
   <marc:record>
      <marc:leader>     cam a22        4500</marc:leader>
      <marc:controlfield tag="001">01280567X</marc:controlfield>
      <marc:controlfield tag="003">DE-576</marc:controlfield>
      <marc:controlfield tag="005">20210615152154.0</marc:controlfield>
      <marc:controlfield tag="007">tu</marc:controlfield>
      <marc:controlfield tag="008">920101r19741966gw |||||      00| ||ger c</marc:controlfield>
      <marc:datafield tag="020" ind1=" " ind2=" ">
         <marc:subfield code="a">9783110068849</marc:subfield>
         <marc:subfield code="9">978-3-11-006884-9</marc:subfield>
      </marc:datafield>
      <marc:datafield tag="020" ind1=" " ind2=" ">
         <marc:subfield code="a">3110068842</marc:subfield>
         <marc:subfield code="9">3-11-006884-2</marc:subfield>
      </marc:datafield>
      <marc:datafield tag="024" ind1="3" ind2=" ">
         <marc:subfield code="a">9783110068849</marc:subfield>
      </marc:datafield>
      <marc:datafield tag="035" ind1=" " ind2=" ">
         <marc:subfield code="a">(DE-627)020172095</marc:subfield>
      </marc:datafield>
      <marc:datafield tag="035" ind1=" " ind2=" ">
         <marc:subfield code="a">(DE-576)01280567X</marc:subfield>
      </marc:datafield>
      <marc:datafield tag="035" ind1=" " ind2=" ">
         <marc:subfield code="a">(DE-599)GBV020172095</marc:subfield>
      </marc:datafield>
      <marc:datafield tag="035" ind1=" " ind2=" ">
         <marc:subfield code="a">(OCoLC)256376444</marc:subfield>
      </marc:datafield>
      <marc:datafield tag="035" ind1=" " ind2=" ">
         <marc:subfield code="a">(OCoLC)63801812</marc:subfield>
      </marc:datafield>
      <marc:datafield tag="035" ind1=" " ind2=" ">
         <marc:subfield code="a">(DE-604)808350558x</marc:subfield>
      </marc:datafield>
      <marc:datafield tag="040" ind1=" " ind2=" ">
         <marc:subfield code="a">DE-576</marc:subfield>
         <marc:subfield code="b">ger</marc:subfield>
         <marc:subfield code="c">DE-576</marc:subfield>
         <marc:subfield code="e">rda</marc:subfield>
      </marc:datafield>
      <marc:datafield tag="041" ind1=" " ind2=" ">
         <marc:subfield code="a">ger</marc:subfield>
      </marc:datafield>
      <marc:datafield tag="041" ind1=" " ind2=" ">
         <marc:subfield code="h">fre</marc:subfield>
      </marc:datafield>
      <marc:datafield tag="044" ind1=" " ind2=" ">
         <marc:subfield code="c">XA-DE</marc:subfield>
      </marc:datafield>
      <marc:datafield tag="050" ind1=" " ind2="0">
         <marc:subfield code="a">B2430.M3763</marc:subfield>
      </marc:datafield>
      <marc:datafield tag="084" ind1=" " ind2=" ">
         <marc:subfield code="a">CP 2000</marc:subfield>
         <marc:subfield code="2">rvk</marc:subfield>
         <marc:subfield code="0">(DE-625)rvk/18973:</marc:subfield>
      </marc:datafield>
      <marc:datafield tag="084" ind1=" " ind2=" ">
         <marc:subfield code="a">CI 6104</marc:subfield>
         <marc:subfield code="2">rvk</marc:subfield>
         <marc:subfield code="0">(DE-625)rvk/18501:11603</marc:subfield>
      </marc:datafield>
      <marc:datafield tag="084" ind1=" " ind2=" ">
         <marc:subfield code="a">AP 84150</marc:subfield>
         <marc:subfield code="2">rvk</marc:subfield>
         <marc:subfield code="0">(DE-625)rvk/8032:</marc:subfield>
      </marc:datafield>
      <marc:datafield tag="084" ind1=" " ind2=" ">
         <marc:subfield code="a">CI 6102</marc:subfield>
         <marc:subfield code="2">rvk</marc:subfield>
         <marc:subfield code="0">(DE-625)rvk/18501:11601</marc:subfield>
      </marc:datafield>
      <marc:datafield tag="084" ind1=" " ind2=" ">
         <marc:subfield code="a">77.22</marc:subfield>
         <marc:subfield code="2">bkl</marc:subfield>
      </marc:datafield>
      <marc:datafield tag="100" ind1="1" ind2=" ">
         <marc:subfield code="a">Merleau-Ponty, Maurice</marc:subfield>
         <marc:subfield code="d">1908-1961</marc:subfield>
         <marc:subfield code="e">VerfasserIn</marc:subfield>
         <marc:subfield code="0">(DE-588)118818619</marc:subfield>
         <marc:subfield code="0">(DE-627)035200413</marc:subfield>
         <marc:subfield code="0">(DE-576)20962826X</marc:subfield>
         <marc:subfield code="4">aut</marc:subfield>
      </marc:datafield>
      <marc:datafield tag="240" ind1="1" ind2="0">
         <marc:subfield code="a">Phénoménologie de la perception</marc:subfield>
      </marc:datafield>
      <marc:datafield tag="245" ind1="1" ind2="0">
         <marc:subfield code="a">Phänomenologie der Wahrnehmung</marc:subfield>
         <marc:subfield code="c">von Maurice Merleau-Ponty ; aus dem Französischen übersetzt und eingeführt durch eine Vorrede von Rudolf Boehm</marc:subfield>
      </marc:datafield>
      <marc:datafield tag="250" ind1=" " ind2=" ">
         <marc:subfield code="a">Photomechanischer Nachdruck der Ausgabe von 1966</marc:subfield>
      </marc:datafield>
      <marc:datafield tag="264" ind1=" " ind2="1">
         <marc:subfield code="a">Berlin</marc:subfield>
         <marc:subfield code="b">Walter de Gruyter &amp; Co.</marc:subfield>
         <marc:subfield code="c">1974</marc:subfield>
      </marc:datafield>
      <marc:datafield tag="300" ind1=" " ind2=" ">
         <marc:subfield code="a">XXVII, 535 Seiten</marc:subfield>
         <marc:subfield code="b">Illustrationen, Diagramme</marc:subfield>
         <marc:subfield code="c">23 cm</marc:subfield>
      </marc:datafield>
      <marc:datafield tag="336" ind1=" " ind2=" ">
         <marc:subfield code="a">Text</marc:subfield>
         <marc:subfield code="b">txt</marc:subfield>
         <marc:subfield code="2">rdacontent</marc:subfield>
      </marc:datafield>
      <marc:datafield tag="337" ind1=" " ind2=" ">
         <marc:subfield code="a">ohne Hilfsmittel zu benutzen</marc:subfield>
         <marc:subfield code="b">n</marc:subfield>
         <marc:subfield code="2">rdamedia</marc:subfield>
      </marc:datafield>
      <marc:datafield tag="338" ind1=" " ind2=" ">
         <marc:subfield code="a">Band</marc:subfield>
         <marc:subfield code="b">nc</marc:subfield>
         <marc:subfield code="2">rdacarrier</marc:subfield>
      </marc:datafield>
      <marc:datafield tag="490" ind1="1" ind2=" ">
         <marc:subfield code="a">Phänomenologisch-psychologische Forschungen</marc:subfield>
         <marc:subfield code="v">Band 7</marc:subfield>
      </marc:datafield>
      <marc:datafield tag="490" ind1="0" ind2=" ">
         <marc:subfield code="a">De-Gruyter-Studienbuch</marc:subfield>
      </marc:datafield>
      <marc:datafield tag="500" ind1=" " ind2=" ">
         <marc:subfield code="a">Literaturverzeichnis: Seite 519-526</marc:subfield>
      </marc:datafield>
      <marc:datafield tag="520" ind1=" " ind2=" ">
         <marc:subfield code="a">Maurice Merleau-Ponty (1908-1961), einer der großen Phänomenologen des 20. Jahrhunderts, war Professor für Philosophie in Lyon, an der Sorbonne und zuletzt am Collège de France in Paris; zusammen mit J.-P. Sartre gab er die Zeitschrift Les temps modernes heraus.</marc:subfield>
      </marc:datafield>
      <marc:datafield tag="534" ind1=" " ind2=" ">
         <marc:subfield code="c">1966</marc:subfield>
      </marc:datafield>
      <marc:datafield tag="591" ind1=" " ind2=" ">
         <marc:subfield code="a">SW: 580:DDFHTW/She  5090 S2UB/sred ; 720 ff. bvb; 4700 5090: ddsu/sred ; IMD-Felder und 1131 maschinell ergänzt (SWB)</marc:subfield>
      </marc:datafield>
      <marc:datafield tag="650" ind1=" " ind2="0">
         <marc:subfield code="a">Phenomenology</marc:subfield>
      </marc:datafield>
      <marc:datafield tag="650" ind1=" " ind2="0">
         <marc:subfield code="a">Perception (Philosophy)</marc:subfield>
      </marc:datafield>
      <marc:datafield tag="689" ind1="0" ind2="0">
         <marc:subfield code="D">s</marc:subfield>
         <marc:subfield code="0">(DE-588)4045660-2</marc:subfield>
         <marc:subfield code="0">(DE-627)106200755</marc:subfield>
         <marc:subfield code="0">(DE-576)209066334</marc:subfield>
         <marc:subfield code="a">Phänomenologie</marc:subfield>
         <marc:subfield code="2">gnd</marc:subfield>
      </marc:datafield>
      <marc:datafield tag="689" ind1="0" ind2="1">
         <marc:subfield code="D">s</marc:subfield>
         <marc:subfield code="0">(DE-588)4064317-7</marc:subfield>
         <marc:subfield code="0">(DE-627)106124315</marc:subfield>
         <marc:subfield code="0">(DE-576)209152699</marc:subfield>
         <marc:subfield code="a">Wahrnehmung</marc:subfield>
         <marc:subfield code="2">gnd</marc:subfield>
      </marc:datafield>
      <marc:datafield tag="689" ind1="0" ind2=" ">
         <marc:subfield code="5">DE-101</marc:subfield>
      </marc:datafield>
      <marc:datafield tag="689" ind1="1" ind2="0">
         <marc:subfield code="D">s</marc:subfield>
         <marc:subfield code="0">(DE-588)4174112-2</marc:subfield>
         <marc:subfield code="0">(DE-627)104296976</marc:subfield>
         <marc:subfield code="0">(DE-576)209954973</marc:subfield>
         <marc:subfield code="a">Phänomenologische Psychologie</marc:subfield>
         <marc:subfield code="2">gnd</marc:subfield>
      </marc:datafield>
      <marc:datafield tag="689" ind1="1" ind2=" ">
         <marc:subfield code="5">(DE-627)</marc:subfield>
      </marc:datafield>
      <marc:datafield tag="700" ind1="1" ind2=" ">
         <marc:subfield code="a">Boehm, Rudolf</marc:subfield>
         <marc:subfield code="d">1927-2019</marc:subfield>
         <marc:subfield code="e">ÜbersetzerIn</marc:subfield>
         <marc:subfield code="0">(DE-588)123059526</marc:subfield>
         <marc:subfield code="0">(DE-627)082322244</marc:subfield>
         <marc:subfield code="0">(DE-576)187944903</marc:subfield>
         <marc:subfield code="4">trl</marc:subfield>
      </marc:datafield>
      <marc:datafield tag="830" ind1=" " ind2="0">
         <marc:subfield code="a">Phänomenologisch-psychologische Forschungen</marc:subfield>
         <marc:subfield code="v">Band 7</marc:subfield>
         <marc:subfield code="9">7</marc:subfield>
         <marc:subfield code="w">(DE-627)129410195</marc:subfield>
         <marc:subfield code="w">(DE-576)000289906</marc:subfield>
         <marc:subfield code="w">(DE-600)188311-2</marc:subfield>
         <marc:subfield code="x">0480-2470</marc:subfield>
      </marc:datafield>
      <marc:datafield tag="856" ind1="4" ind2="2">
         <marc:subfield code="u">http://swbplus.bsz-bw.de/bsz01280567Xinh.htm</marc:subfield>
         <marc:subfield code="m">B:DE-576;DE-352</marc:subfield>
         <marc:subfield code="q">application/pdf</marc:subfield>
         <marc:subfield code="v">20110304082001</marc:subfield>
         <marc:subfield code="x">Verlag</marc:subfield>
         <marc:subfield code="3">Inhaltsverzeichnis</marc:subfield>
      </marc:datafield>
      <marc:datafield tag="856" ind1="4" ind2="2">
         <marc:subfield code="u">http://d-nb.info/901041637/04</marc:subfield>
         <marc:subfield code="x">Verlag</marc:subfield>
      </marc:datafield>
      <marc:datafield tag="889" ind1=" " ind2=" ">
         <marc:subfield code="w">(DE-627)826836682</marc:subfield>
      </marc:datafield>
      <marc:datafield tag="936" ind1="r" ind2="v">
         <marc:subfield code="a">CP 2000</marc:subfield>
         <marc:subfield code="b">Wahrnehmung allgemein</marc:subfield>
         <marc:subfield code="k">Psychologie</marc:subfield>
         <marc:subfield code="k">Allgemeine Psychologie</marc:subfield>
         <marc:subfield code="k">Wahrnehmung allgemein</marc:subfield>
         <marc:subfield code="0">(DE-627)1271489074</marc:subfield>
         <marc:subfield code="0">(DE-625)rvk/18973:</marc:subfield>
         <marc:subfield code="0">(DE-576)201489074</marc:subfield>
      </marc:datafield>
      <marc:datafield tag="936" ind1="r" ind2="v">
         <marc:subfield code="a">CI 6104</marc:subfield>
         <marc:subfield code="b">Einzelschriften</marc:subfield>
         <marc:subfield code="k">Philosophie</marc:subfield>
         <marc:subfield code="k">Geschichte der Philosophie</marc:subfield>
         <marc:subfield code="k">Geschichte der Philosophie des Abendlandes von Antike bis 20. Jahrhundert</marc:subfield>
         <marc:subfield code="k">Philosophie des 20. Jahrhunderts</marc:subfield>
         <marc:subfield code="k">Frankreich und französischsprachige Länder sowie Rumänien</marc:subfield>
         <marc:subfield code="k">Autoren</marc:subfield>
         <marc:subfield code="k">Merleau-Ponty, Maurice</marc:subfield>
         <marc:subfield code="k">Einzelschriften</marc:subfield>
         <marc:subfield code="0">(DE-627)1271489082</marc:subfield>
         <marc:subfield code="0">(DE-625)rvk/18501:11603</marc:subfield>
         <marc:subfield code="0">(DE-576)201489082</marc:subfield>
      </marc:datafield>
      <marc:datafield tag="936" ind1="r" ind2="v">
         <marc:subfield code="a">AP 84150</marc:subfield>
         <marc:subfield code="b">Psychologie, Medizin</marc:subfield>
         <marc:subfield code="k">Allgemeines</marc:subfield>
         <marc:subfield code="k">Medien- und Kommunikationswissenschaften, Kommunikationsdesign</marc:subfield>
         <marc:subfield code="k">Tanz</marc:subfield>
         <marc:subfield code="k">Natur und Kultur des Tanzes, Forschung</marc:subfield>
         <marc:subfield code="k">Psychologie, Medizin</marc:subfield>
         <marc:subfield code="0">(DE-627)1270693395</marc:subfield>
         <marc:subfield code="0">(DE-625)rvk/8032:</marc:subfield>
         <marc:subfield code="0">(DE-576)200693395</marc:subfield>
      </marc:datafield>
      <marc:datafield tag="936" ind1="r" ind2="v">
         <marc:subfield code="a">CI 6102</marc:subfield>
         <marc:subfield code="b">Teilsammlungen</marc:subfield>
         <marc:subfield code="k">Philosophie</marc:subfield>
         <marc:subfield code="k">Geschichte der Philosophie</marc:subfield>
         <marc:subfield code="k">Geschichte der Philosophie des Abendlandes von Antike bis 20. Jahrhundert</marc:subfield>
         <marc:subfield code="k">Philosophie des 20. Jahrhunderts</marc:subfield>
         <marc:subfield code="k">Frankreich und französischsprachige Länder sowie Rumänien</marc:subfield>
         <marc:subfield code="k">Autoren</marc:subfield>
         <marc:subfield code="k">Merleau-Ponty, Maurice</marc:subfield>
         <marc:subfield code="k">Teilsammlungen</marc:subfield>
         <marc:subfield code="0">(DE-627)1272247597</marc:subfield>
         <marc:subfield code="0">(DE-625)rvk/18501:11601</marc:subfield>
         <marc:subfield code="0">(DE-576)202247597</marc:subfield>
      </marc:datafield>
      <marc:datafield tag="936" ind1="b" ind2="k">
         <marc:subfield code="a">77.22</marc:subfield>
         <marc:subfield code="j">Phänomenologische Psychologie</marc:subfield>
         <marc:subfield code="0">(DE-627)106418017</marc:subfield>
      </marc:datafield>
      <marc:datafield tag="951" ind1=" " ind2=" ">
         <marc:subfield code="a">BO</marc:subfield>
      </marc:datafield>
   </marc:record>