
   <marc:record>
      <marc:leader>     cam a22        4500</marc:leader>
      <marc:controlfield tag="001">096937394</marc:controlfield>
      <marc:controlfield tag="003">DE-576</marc:controlfield>
      <marc:controlfield tag="005">20201211111331.0</marc:controlfield>
      <marc:controlfield tag="007">tu</marc:controlfield>
      <marc:controlfield tag="008">920730s1975    xxk|||||      00| ||eng c</marc:controlfield>
      <marc:datafield tag="010" ind1=" " ind2=" ">
         <marc:subfield code="a">   76357384 </marc:subfield>
      </marc:datafield>
      <marc:datafield tag="020" ind1=" " ind2=" ">
         <marc:subfield code="a">0712114092</marc:subfield>
         <marc:subfield code="9">0-7121-1409-2</marc:subfield>
      </marc:datafield>
      <marc:datafield tag="035" ind1=" " ind2=" ">
         <marc:subfield code="a">(DE-627)018549764</marc:subfield>
      </marc:datafield>
      <marc:datafield tag="035" ind1=" " ind2=" ">
         <marc:subfield code="a">(DE-576)096937394</marc:subfield>
      </marc:datafield>
      <marc:datafield tag="035" ind1=" " ind2=" ">
         <marc:subfield code="a">(DE-599)GBV018549764</marc:subfield>
      </marc:datafield>
      <marc:datafield tag="035" ind1=" " ind2=" ">
         <marc:subfield code="a">(OCoLC)2107759</marc:subfield>
      </marc:datafield>
      <marc:datafield tag="035" ind1=" " ind2=" ">
         <marc:subfield code="a">(OCoLC)713042018</marc:subfield>
      </marc:datafield>
      <marc:datafield tag="040" ind1=" " ind2=" ">
         <marc:subfield code="a">DE-576</marc:subfield>
         <marc:subfield code="b">ger</marc:subfield>
         <marc:subfield code="c">DE-576</marc:subfield>
         <marc:subfield code="e">rakwb</marc:subfield>
      </marc:datafield>
      <marc:datafield tag="041" ind1=" " ind2=" ">
         <marc:subfield code="a">eng</marc:subfield>
      </marc:datafield>
      <marc:datafield tag="044" ind1=" " ind2=" ">
         <marc:subfield code="c">XA-GB</marc:subfield>
      </marc:datafield>
      <marc:datafield tag="082" ind1="0" ind2=" ">
         <marc:subfield code="a">301.2/1</marc:subfield>
         <marc:subfield code="q">OCLC</marc:subfield>
         <marc:subfield code="2">18</marc:subfield>
      </marc:datafield>
      <marc:datafield tag="082" ind1="0" ind2=" ">
         <marc:subfield code="a">793.3/01</marc:subfield>
      </marc:datafield>
      <marc:datafield tag="084" ind1=" " ind2=" ">
         <marc:subfield code="a">AP 84000</marc:subfield>
         <marc:subfield code="2">rvk</marc:subfield>
         <marc:subfield code="0">(DE-625)rvk/8029:</marc:subfield>
      </marc:datafield>
      <marc:datafield tag="084" ind1=" " ind2=" ">
         <marc:subfield code="a">24.15</marc:subfield>
         <marc:subfield code="2">bkl</marc:subfield>
      </marc:datafield>
      <marc:datafield tag="084" ind1=" " ind2=" ">
         <marc:subfield code="a">73.66</marc:subfield>
         <marc:subfield code="2">bkl</marc:subfield>
      </marc:datafield>
      <marc:datafield tag="100" ind1="1" ind2=" ">
         <marc:subfield code="a">Lange, Roderyk</marc:subfield>
         <marc:subfield code="4">aut</marc:subfield>
      </marc:datafield>
      <marc:datafield tag="245" ind1="1" ind2="4">
         <marc:subfield code="a">The nature of dance</marc:subfield>
         <marc:subfield code="b">an anthropological perspective</marc:subfield>
         <marc:subfield code="c">Roderyk Lange</marc:subfield>
      </marc:datafield>
      <marc:datafield tag="264" ind1=" " ind2="1">
         <marc:subfield code="a">London</marc:subfield>
         <marc:subfield code="b">MacDonald &amp; Evans</marc:subfield>
         <marc:subfield code="c">1975</marc:subfield>
      </marc:datafield>
      <marc:datafield tag="300" ind1=" " ind2=" ">
         <marc:subfield code="a">XI, 142 S</marc:subfield>
         <marc:subfield code="b">zahlr. Ill., graph. Darst</marc:subfield>
      </marc:datafield>
      <marc:datafield tag="336" ind1=" " ind2=" ">
         <marc:subfield code="a">Text</marc:subfield>
         <marc:subfield code="b">txt</marc:subfield>
         <marc:subfield code="2">rdacontent</marc:subfield>
      </marc:datafield>
      <marc:datafield tag="337" ind1=" " ind2=" ">
         <marc:subfield code="a">ohne Hilfsmittel zu benutzen</marc:subfield>
         <marc:subfield code="b">n</marc:subfield>
         <marc:subfield code="2">rdamedia</marc:subfield>
      </marc:datafield>
      <marc:datafield tag="338" ind1=" " ind2=" ">
         <marc:subfield code="a">Band</marc:subfield>
         <marc:subfield code="b">nc</marc:subfield>
         <marc:subfield code="2">rdacarrier</marc:subfield>
      </marc:datafield>
      <marc:datafield tag="500" ind1=" " ind2=" ">
         <marc:subfield code="a">Literaturverz. S. [115] - 136</marc:subfield>
      </marc:datafield>
      <marc:datafield tag="583" ind1="1" ind2=" ">
         <marc:subfield code="a">Archivierung/Langzeitarchivierung geplant</marc:subfield>
         <marc:subfield code="c">20200919</marc:subfield>
         <marc:subfield code="f">DE-640</marc:subfield>
         <marc:subfield code="z">3</marc:subfield>
         <marc:subfield code="2">pdager</marc:subfield>
      </marc:datafield>
      <marc:datafield tag="591" ind1=" " ind2=" ">
         <marc:subfield code="a">720 ff. (DDC): GBV/LOC ; IMD-Felder und 1131 maschinell ergänzt (SWB)</marc:subfield>
      </marc:datafield>
      <marc:datafield tag="689" ind1="0" ind2="0">
         <marc:subfield code="D">s</marc:subfield>
         <marc:subfield code="0">(DE-588)4063869-8</marc:subfield>
         <marc:subfield code="0">(DE-627)106126067</marc:subfield>
         <marc:subfield code="0">(DE-576)209150815</marc:subfield>
         <marc:subfield code="a">Volkstanz</marc:subfield>
         <marc:subfield code="2">gnd</marc:subfield>
      </marc:datafield>
      <marc:datafield tag="689" ind1="0" ind2="1">
         <marc:subfield code="D">s</marc:subfield>
         <marc:subfield code="0">(DE-588)4004351-4</marc:subfield>
         <marc:subfield code="0">(DE-627)106386263</marc:subfield>
         <marc:subfield code="0">(DE-576)208855459</marc:subfield>
         <marc:subfield code="a">Ballett</marc:subfield>
         <marc:subfield code="2">gnd</marc:subfield>
      </marc:datafield>
      <marc:datafield tag="689" ind1="0" ind2="2">
         <marc:subfield code="D">s</marc:subfield>
         <marc:subfield code="0">(DE-588)4038639-9</marc:subfield>
         <marc:subfield code="0">(DE-627)106231286</marc:subfield>
         <marc:subfield code="0">(DE-576)209031298</marc:subfield>
         <marc:subfield code="a">Mensch</marc:subfield>
         <marc:subfield code="2">gnd</marc:subfield>
      </marc:datafield>
      <marc:datafield tag="689" ind1="0" ind2=" ">
         <marc:subfield code="5">(DE-627)</marc:subfield>
      </marc:datafield>
      <marc:datafield tag="850" ind1=" " ind2=" ">
         <marc:subfield code="a">ab</marc:subfield>
      </marc:datafield>
      <marc:datafield tag="935" ind1=" " ind2=" ">
         <marc:subfield code="i">Blocktest</marc:subfield>
      </marc:datafield>
      <marc:datafield tag="936" ind1="r" ind2="v">
         <marc:subfield code="a">AP 84000</marc:subfield>
         <marc:subfield code="b">Allgemeines</marc:subfield>
         <marc:subfield code="k">Allgemeines</marc:subfield>
         <marc:subfield code="k">Medien- und Kommunikationswissenschaften, Kommunikationsdesign</marc:subfield>
         <marc:subfield code="k">Tanz</marc:subfield>
         <marc:subfield code="k">Natur und Kultur des Tanzes, Forschung</marc:subfield>
         <marc:subfield code="k">Allgemeines</marc:subfield>
         <marc:subfield code="0">(DE-627)1270693360</marc:subfield>
         <marc:subfield code="0">(DE-625)rvk/8029:</marc:subfield>
         <marc:subfield code="0">(DE-576)200693360</marc:subfield>
      </marc:datafield>
      <marc:datafield tag="936" ind1="b" ind2="k">
         <marc:subfield code="a">24.15</marc:subfield>
         <marc:subfield code="j">Tanzkunst</marc:subfield>
         <marc:subfield code="j">Bewegungskunst</marc:subfield>
         <marc:subfield code="0">(DE-627)10640606X</marc:subfield>
      </marc:datafield>
      <marc:datafield tag="936" ind1="b" ind2="k">
         <marc:subfield code="a">73.66</marc:subfield>
         <marc:subfield code="j">Spiele</marc:subfield>
         <marc:subfield code="j">Feste</marc:subfield>
         <marc:subfield code="j">Bewegungskultur</marc:subfield>
         <marc:subfield code="x">Ethnologie</marc:subfield>
         <marc:subfield code="0">(DE-627)181571250</marc:subfield>
      </marc:datafield>
      <marc:datafield tag="951" ind1=" " ind2=" ">
         <marc:subfield code="a">BO</marc:subfield>
      </marc:datafield>
   </marc:record>